@inbook{artcp1,
    author = "Donald E. Knuth",
    title = "Combinatorial Algorithms",
    publisher = "Addison-Wesley",
    year = "1973",
    chapter = "1.2",
    keywords  = "knuth,programming"
}